<record><leader>00000cas a22000007a 4500</leader><controlfield tag="001">24579012</controlfield><controlfield tag="008">911017d190319uumouwr ne      0    0eng d</controlfield><datafield ind1=" " ind2=" " tag="010"><subfield code="a">sn 91061044 </subfield></datafield><datafield ind1=" " ind2=" " tag="040"><subfield code="a">MQN</subfield><subfield code="b">eng</subfield><subfield code="c">MQN</subfield><subfield code="d">NVF</subfield><subfield code="d">OCLCQ</subfield><subfield code="d">OCLCF</subfield><subfield code="d">OCLCO</subfield></datafield><datafield ind1="1" ind2=" " tag="029"><subfield code="a">AU@</subfield><subfield code="b">000025897308</subfield></datafield><datafield ind1=" " ind2=" " tag="042"><subfield code="a">msc</subfield></datafield><datafield ind1=" " ind2=" " tag="043"><subfield code="a">n-us-mo</subfield></datafield><datafield ind1="0" ind2=" " tag="130"><subfield code="a">Springfield leader (Springfield, Mo. : Weekly)</subfield></datafield><datafield ind1="1" ind2="4" tag="245"><subfield code="a">The Springfield leader.</subfield></datafield><datafield ind1="1" ind2="3" tag="246"><subfield code="a">Springfield weekly leader</subfield></datafield><datafield ind1=" " ind2=" " tag="260"><subfield code="a">Springfield, Mo. :</subfield><subfield code="b">J.B. Jewell</subfield></datafield><datafield ind1=" " ind2=" " tag="300"><subfield code="a">v.</subfield></datafield><datafield ind1=" " ind2=" " tag="310"><subfield code="a">Weekly</subfield></datafield><datafield ind1="0" ind2=" " tag="362"><subfield code="a">Vol. 41, no. 46 (Mar. 20, 1903)-</subfield></datafield><datafield ind1=" " ind2=" " tag="580"><subfield code="a">Daily eds.: Springfield leader and Democrat (Springfield, Mo. : Daily), Mar. 20-Apr. 28, 1903, and: Springfield leader (Springfield, Mo. : Daily), Apr. 29, 1903-&lt;Feb. 2, 1906&gt;.</subfield></datafield><datafield ind1=" " ind2="0" tag="651"><subfield code="a">Springfield (Mo.)</subfield><subfield code="v">Newspapers.</subfield></datafield><datafield ind1=" " ind2="7" tag="655"><subfield code="a">Newspapers.</subfield><subfield code="2">fast</subfield><subfield code="0">(OCoLC)fst01423814</subfield></datafield><datafield ind1=" " ind2="7" tag="651"><subfield code="a">Missouri</subfield><subfield code="z">Springfield.</subfield><subfield code="2">fast</subfield><subfield code="0">(OCoLC)fst01212826</subfield></datafield><datafield ind1=" " ind2=" " tag="752"><subfield code="a">United States</subfield><subfield code="b">Missouri</subfield><subfield code="c">Greene</subfield><subfield code="d">Springfield.</subfield></datafield><datafield ind1="1" ind2=" " tag="775"><subfield code="t">Springfield leader and Democrat (Springfield, Mo. : Daily)</subfield><subfield code="w">(DLC)sn 90061647</subfield></datafield><datafield ind1="1" ind2=" " tag="775"><subfield code="t">Springfield leader (Springfield, Mo. : Daily)</subfield><subfield code="w">(DLC)sn 84024255</subfield></datafield><datafield ind1="0" ind2="0" tag="780"><subfield code="t">Springfield leader and Democrat (Springfield, Mo. : Weekly)</subfield><subfield code="w">(DLC)sn 91061043</subfield></datafield></record>